<?xml version="1.0" encoding="UTF-8"?><record xmlns="http://www.loc.gov/MARC21/slim" xmlns:cinclude="http://apache.org/cocoon/include/1.0" xmlns:zs="http://www.loc.gov/zing/srw/">
  <leader>00393cz  a2200121n  4500</leader>
  <controlfield tag="001">nr2004007155</controlfield>
  <controlfield tag="003">DLC</controlfield>
  <controlfield tag="005">20040318090105.0</controlfield>
  <controlfield tag="008">040308n| acannaabn          |n aaa     c</controlfield>
  <datafield tag="010" ind1=" " ind2=" ">
    <subfield code="a">nr2004007155</subfield>
    <subfield code="z">no2004023032</subfield>
  </datafield>
  <datafield tag="040" ind1=" " ind2=" ">
    <subfield code="a">CSt</subfield>
    <subfield code="b">eng</subfield>
    <subfield code="c">CSt</subfield>
    <subfield code="d">DLC</subfield>
  </datafield>
  <datafield tag="100" ind1="1" ind2=" ">
    <subfield code="a">Rathgeb, Christian</subfield>
  </datafield>
  <datafield tag="670" ind1=" " ind2=" ">
    <subfield code="a">Die Staatsverfassung GraubuĚndens, c2003:</subfield>
    <subfield code="b">t.p. (Christian Rathgeb) p. (Christian Rathgeb; Dr. iur. Rechtsanwalt)</subfield>
  </datafield>
</record>